@article{einstein,
    author = "Albert Einstein",
    title = "{Zur Elektrodynamik bewegter K{\"o}rper}. ({German})
    [{On} the electrodynamics of moving bodies]",
    journal = "Annalen der Physik",
    volume = "322",
    number = "10",
    pages = "891--921",
    year = "1905",
    DOI = "http://dx.doi.org/10.1002/andp.19053221004",
    keywords = "physics"
}
 
@book{dirac,
    title = {The Principles of Quantum Mechanics},
    author = {Paul Adrien Maurice Dirac},
    isbn = {9780198520115},
    series = {International series of monographs on physics},
    year = {1981},
    publisher = {Clarendon Press},
    keywords = {physics}
}


 
@online{knuthwebsite,
    author = "Donald Knuth",
    title = "Knuth: Computers and Typesetting",
    url  = "http://www-cs-faculty.stanford.edu/~uno/abcde.html",
    addendum = "(accessed: 01.09.2016)",
    keywords = "latex,knuth"
}
 
@inbook{knuth-fa,
    author = "Donald E. Knuth",
    title = "Fundamental Algorithms",
    publisher = "Addison-Wesley",
    year = "1973",
    chapter = "1.2",
    keywords  = "knuth,programming"
}


@book{processbpmn,
    title = {Process-Driven Applications with BPMN},
    author = {Volker Stiehl},
    isbn = {978-3-319-07218-0},
    year = {2014},
    publisher = {Springer International Publishing},
    keywords = {bpmn}
}

@techreport{ISO13586,
type = {Standard},
key = {ISO 13586:2000(E)},
month = mar,
year = {2000},
title = {{Plastics -- Determination of fracture toughness -- Linear elastic fracture mechanics ({LEFM}) approach}},
volume = {2000},
address = {Geneva, CH},
institution = {International Organization for Standardization}
}

@Misc{OMG-BPMN,
    Author       = "{Object Management Group (OMG)}",
    Title        = "{Web Services Business Process Execution Language Specification, Version 2.0}",
    Howpublished = "(\url{https://www.omg.org/spec/BPMN/2.0/})",
    Year         = 2011,
}
@Misc{OASIS-BPEL,
    Author       = "{Organization for the Advancement of Structured Information Standards (OASIS)}",
    Title        = "{Web Services Business Process Execution Language (BPEL) Specification, Version 2.0}",
    Howpublished = "(\url{http://docs.oasis-open.org/wsbpel/2.0/OS/wsbpel-v2.0-OS.html})",
    Year         = 2007,
}